<record><leader>00000cas a2200000 a 4500</leader><controlfield tag="001">30742407</controlfield><controlfield tag="007">hd afu---baca</controlfield><controlfield tag="008">940711d19091909nbuwr nea     0    0eng c</controlfield><datafield ind1=" " ind2=" " tag="010"><subfield code="a">sn 94055452 </subfield></datafield><datafield ind1=" " ind2=" " tag="040"><subfield code="a">NVG</subfield><subfield code="b">eng</subfield><subfield code="c">NVG</subfield><subfield code="d">OCLCQ</subfield><subfield code="d">OCLCF</subfield><subfield code="d">OCLCO</subfield><subfield code="d">OCLCQ</subfield></datafield><datafield ind1=" " ind2=" " tag="042"><subfield code="a">pcc</subfield></datafield><datafield ind1=" " ind2=" " tag="043"><subfield code="a">n-us-nb</subfield></datafield><datafield ind1="0" ind2=" " tag="130"><subfield code="a">Argosy (Ansley, Neb. : 1909)</subfield></datafield><datafield ind1="1" ind2="4" tag="245"><subfield code="a">The argosy.</subfield></datafield><datafield ind1=" " ind2=" " tag="260"><subfield code="a">Ansley, Neb. :</subfield><subfield code="b">A.H. Barks,</subfield><subfield code="c">1909.</subfield></datafield><datafield ind1=" " ind2=" " tag="300"><subfield code="a">1 volume</subfield></datafield><datafield ind1=" " ind2=" " tag="310"><subfield code="a">Weekly</subfield></datafield><datafield ind1=" " ind2=" " tag="336"><subfield code="a">text</subfield><subfield code="b">txt</subfield><subfield code="2">rdacontent</subfield></datafield><datafield ind1=" " ind2=" " tag="337"><subfield code="a">microform</subfield><subfield code="b">h</subfield><subfield code="2">rdamedia</subfield></datafield><datafield ind1=" " ind2=" " tag="338"><subfield code="a">microfilm reel</subfield><subfield code="b">hd</subfield><subfield code="2">rdacarrier</subfield></datafield><datafield ind1="0" ind2=" " tag="362"><subfield code="a">Vol. 7, no. 6 (Oct. 8, 1909)-v. 7, no. 9 (Oct. 29, 1909).</subfield></datafield><datafield ind1=" " ind2=" " tag="580"><subfield code="a">Merged with: Chronicle-citizen (Ansley, Neb. 1909), to form: Argosy and the chronicle-citizen (Ansley, Neb. : 1909).</subfield></datafield><datafield ind1=" " ind2=" " tag="533"><subfield code="a">Microfilm.</subfield><subfield code="b">Wooster, Ohio :</subfield><subfield code="c">Bell &amp; Howell.</subfield><subfield code="e">1 microfilm reel ; 35 mm.</subfield></datafield><datafield ind1=" " ind2="0" tag="651"><subfield code="a">Custer County (Neb.)</subfield><subfield code="v">Newspapers.</subfield></datafield><datafield ind1=" " ind2="7" tag="651"><subfield code="a">Nebraska</subfield><subfield code="z">Custer County.</subfield><subfield code="2">fast</subfield><subfield code="0">(OCoLC)fst01221883</subfield></datafield><datafield ind1=" " ind2="7" tag="655"><subfield code="a">Newspapers.</subfield><subfield code="2">fast</subfield><subfield code="0">(OCoLC)fst01423814</subfield></datafield><datafield ind1=" " ind2=" " tag="752"><subfield code="a">United States</subfield><subfield code="b">Nebraska</subfield><subfield code="c">Custer</subfield><subfield code="d">Ansley.</subfield></datafield><datafield ind1="0" ind2="1" tag="780"><subfield code="t">Argosy and the chronicle-citizen</subfield><subfield code="w">(DLC)sn 94055451</subfield></datafield><datafield ind1="1" ind2="7" tag="785"><subfield code="t">Chronicle-citizen (Ansley, Neb. : 1909)</subfield><subfield code="w">(DLC)sn 94055453</subfield></datafield><datafield ind1="1" ind2="7" tag="785"><subfield code="t">Argosy and the chronicle-citizen (Ansley, Neb. :1909)</subfield><subfield code="w">(DLC)sn 94055454</subfield></datafield><datafield ind1="1" ind2=" " tag="029"><subfield code="a">AU@</subfield><subfield code="b">000025892056</subfield></datafield></record>